<?xml version="1.0" encoding="UTF-8"?><collection xmlns="http://www.loc.gov/MARC21/slim"><record><leader>00341nam--2200133-i-4500</leader><controlfield tag="001">000001160</controlfield><controlfield tag="002">20161230</controlfield><controlfield tag="005">20161230201024</controlfield><controlfield tag="008">060222s1000------------r-----000-0-eng-d</controlfield><datafield ind1=" " ind2=" " tag="080"><subfield code="a">530.12</subfield></datafield><datafield ind1=" " ind2=" " tag="100"><subfield code="a">Hellwell, T.M</subfield></datafield><datafield ind1=" " ind2=" " tag="245"><subfield code="a">Introduction to special relativity</subfield></datafield><datafield ind1=" " ind2=" " tag="260"><subfield code="a">Boston, Allyn And Bacon, Inc., 1966. Viii + 209 P</subfield></datafield><datafield ind1=" " ind2=" " tag="852"><subfield code="a">26973</subfield></datafield></record></collection>